<record><leader>00000cas a22000007a 4500</leader><controlfield tag="001">23092729</controlfield><controlfield tag="008">910212c19399999couwr ne      0    0eng d</controlfield><datafield ind1=" " ind2=" " tag="010"><subfield code="a">sn 91052030 </subfield></datafield><datafield ind1=" " ind2=" " tag="040"><subfield code="a">CNQ</subfield><subfield code="b">eng</subfield><subfield code="c">CNQ</subfield><subfield code="d">OCL</subfield><subfield code="d">OCLCQ</subfield></datafield><datafield ind1=" " ind2=" " tag="019"><subfield code="a">19748070</subfield></datafield><datafield ind1=" " ind2=" " tag="042"><subfield code="a">msc</subfield></datafield><datafield ind1="0" ind2="0" tag="245"><subfield code="a">Plainsman-herald.</subfield></datafield><datafield ind1="3" ind2="0" tag="246"><subfield code="a">PLainsman herald merged with Springfield plainsman and democrat herald</subfield></datafield><datafield ind1=" " ind2=" " tag="260"><subfield code="a">Springfield, Colo. :</subfield><subfield code="b">Bruce A. Thompson</subfield></datafield><datafield ind1=" " ind2=" " tag="300"><subfield code="a">v.</subfield></datafield><datafield ind1=" " ind2=" " tag="310"><subfield code="a">Weekly</subfield></datafield><datafield ind1="1" ind2=" " tag="362"><subfield code="a">Began in 1939.</subfield></datafield><datafield ind1=" " ind2=" " tag="588"><subfield code="a">Description based on: Vol. 52, no. 4 (Oct. 12, 1939).</subfield></datafield><datafield ind1=" " ind2=" " tag="752"><subfield code="a">United States</subfield><subfield code="b">Colorado</subfield><subfield code="c">Baca</subfield><subfield code="d">Springfield.</subfield></datafield><datafield ind1="0" ind2="4" tag="780"><subfield code="t">Democrat-herald (Springfield, Colo.)</subfield><subfield code="w">(DLC)sn 89052134</subfield></datafield><datafield ind1="0" ind2="4" tag="780"><subfield code="t">Springfield plainsman</subfield><subfield code="w">(DLC)sn 91052037</subfield></datafield></record>